@article{bai2020adversarial,
  title     = {Adversarial metric attack and defense for person re-identification},
  author    = {Bai, Song and Li, Yingwei and Zhou, Yuyin and Li, Qizhu and Torr, Philip HS},
  journal   = {IEEE Trans. Pattern Anal. Mach. Intell.},
  volume    = {43},
  number    = {6},
  pages     = {2119--2126},
  year      = {2020},
  publisher = {IEEE},
  doi       = {https://doi.org/10.1109/TPAMI.2020.3031625}
}

@inproceedings{chang2018multi,
  title     = {Multi-level factorisation net for person re-identification},
  author    = {Chang, Xiaobin and Hospedales, Timothy M and Xiang, Tao},
  booktitle = {Proceedings of the IEEE conference on computer vision and pattern recognition},
  pages     = {2109--2118},
  month     = {Jun.},
  year      = {2018}
}

@inproceedings{chen2018neural,
  title     = {Neural ordinary differential equations},
  author    = {Chen, Ricky TQ and Rubanova, Yulia and Bettencourt, Jesse and Duvenaud, David K},
  booktitle = {Proceedings of advances in neural information processing systems},
  month     = {Dec.},
  pages     = {6571--6583},
  year      = {2018}
}


@inproceedings{dalal2005histograms,
  title     = {Histograms of oriented gradients for human detection},
  author    = {Dalal, Navneet and Triggs, Bill},
  booktitle = {Proceedings of IEEE computer society conference on computer vision and pattern recognition},
  month     = {Jun.},
  pages     = {886--893},
  year      = {2005}
}


@article{dong2023erasing,
  title     = {Erasing, transforming, and noising defense network for occluded person re-identification},
  author    = {Dong, Neng and Zhang, Liyan and Yan, Shuanglin and Tang, Hao and Tang, Jinhui},
  journal   = {IEEE Trans. Circuits Syst. Video Technol.},
  year      = {2023},
  volume    = {34},
  number    = {6},
  pages     = {4458-4472},
  publisher = {IEEE},
  doi       = {https://doi.org/10.1109/TCSVT.2023.3339167}
}

@article{ghorbel2022masking,
  title     = {Masking for better discovery: Weakly supervised complementary body regions mining for person re-identification},
  author    = {Ghorbel, Mahmoud and Ammar, Sourour and Kessentini, Yousri and Jmaiel, Mohamed},
  journal   = {Expert Syst. Appl.},
  volume    = {197},
  number    = {1},
  pages     = {116636},
  year      = {2022},
  publisher = {Elsevier},
  doi       = {https://doi.org/10.1016/j.eswa.2022.116636}
}

@inproceedings{guo2019beyond,
  title     = {Beyond human parts: Dual part-aligned representations for person re-identification},
  author    = {Guo, Jianyuan and Yuan, Yuhui and Huang, Lang and Zhang, Chao and Yao, Jin-Ge and Han, Kai},
  booktitle = {Proceedings of the IEEE/CVF international conference on computer vision},
  pages     = {3642--3651},
  month     = {Oct.},
  year      = {2019}
}

@inproceedings{he2016deep,
  title     = {Deep residual learning for image recognition},
  author    = {He, Kaiming and Zhang, Xiangyu and Ren, Shaoqing and Sun, Jian},
  booktitle = {Proceedings of the IEEE conference on computer vision and pattern recognition},
  pages     = {770--778},
  month     = {Jun.},
  year      = {2016}
}

@article{hu2024pose,
  title     = {Pose-guided node and trajectory construction transformer for occluded person re-identification},
  author    = {Hu, Chentao and Chen, Yanbing and Guo, Lingyi and Tao, Lingbing and Tie, Zhixin and Ke, Wei},
  journal   = {J. Electron. Imaging},
  volume    = {33},
  number    = {4},
  pages     = {043021--043021},
  year      = {2024},
  publisher = {Society of Photo-Optical Instrumentation Engineers},
  doi       = {https://doi.org/10.1117/1.JEI.33.4.043021}
}

@inproceedings{li2018harmonious,
  title     = {Harmonious attention network for person re-identification},
  author    = {Li, Wei and Zhu, Xiatian and Gong, Shaogang},
  booktitle = {Proceedings of the IEEE conference on computer vision and pattern recognition},
  pages     = {2285--2294},
  month     = {Jun.},
  year      = {2018}
}

@article{li2019pose,
  title     = {Pose-guided representation learning for person re-identification},
  author    = {Li, Jianing and Zhang, Shiliang and Tian, Qi and Wang, Meng and Gao, Wen},
  journal   = {IEEE Trans. Pattern Anal. Mach. Intell.},
  volume    = {44},
  number    = {2},
  pages     = {622--635},
  year      = {2019},
  publisher = {IEEE},
  doi       = {https://doi.org/doi.org/10.1109/TPAMI.2019.2929036}
}

@inproceedings{liao2015person,
  title     = {Person re-identification by local maximal occurrence representation and metric learning},
  author    = {Liao, Shengcai and Hu, Yang and Zhu, Xiangyu and Li, Stan Z},
  booktitle = {Proceedings of the IEEE conference on computer vision and pattern recognition},
  month     = {Jun.},
  pages     = {2197--2206},
  year      = {2015}
}

@article{lowe2004distinctive,
  title   = {Distinctive image features from scale-invariant keypoints},
  author  = {Lowe, David G},
  journal = {Int. J. Comput. Vision},
  volume  = {60},
  pages   = {91--110},
  year    = {2004},
  doi     = {https://doi.org/10.1023/B:VISI.0000029664.99615.94}
}

@inproceedings{luo2019bag,
  title     = {Bag of tricks and a strong baseline for deep person re-identification},
  author    = {Luo, Hao and Gu, Youzhi and Liao, Xingyu and Lai, Shenqi and Jiang, Wei},
  booktitle = {Proceedings of the IEEE/CVF conference on computer vision and pattern recognition workshops},
  pages     = {1487--1495},
  month     = {Jun.},
  year      = {2019}
}

@inproceedings{miao2019pose,
  title     = {Pose-guided feature alignment for occluded person re-identification},
  author    = {Miao, Jiaxu and Wu, Yu and Liu, Ping and Ding, Yuhang and Yang, Yi},
  booktitle = {Proceedings of the IEEE/CVF international conference on computer vision},
  pages     = {542--551},
  month     = {Oct.},
  year      = {2019}
}

@article{nambiar2019gait,
  title   = {Gait-based person re-identification: A survey},
  author  = {Nambiar, Athira and Bernardino, Alexandre and Nascimento, Jacinto C},
  journal = {ACM Comput. Surv.},
  volume  = {52},
  number  = {2},
  pages   = {1--34},
  year    = {2019},
  doi     = {https://doi.org/10.1145/3243043}
}

@article{ojala2002multiresolution,
  title     = {Multiresolution gray-scale and rotation invariant texture classification with local binary patterns},
  author    = {Ojala, Timo and Pietikainen, Matti and Maenpaa, Topi},
  journal   = {IEEE Trans. Pattern Anal. Mach. Intell.},
  volume    = {24},
  number    = {7},
  pages     = {971--987},
  year      = {2002},
  publisher = {IEEE},
  doi       = {https://doi.org/10.1109/TPAMI.2002.1017623}
}

@inproceedings{pedagadi2013local,
  title     = {Local fisher discriminant analysis for pedestrian re-identification},
  author    = {Pedagadi, Sateesh and Orwell, James and Velastin, Sergio and Boghossian, Boghos},
  booktitle = {Proceedings of the IEEE conference on computer vision and pattern recognition},
  pages     = {3318--3325},
  month     = {Jun.},
  year      = {2013}
}

@inproceedings{ristani2016performance,
  title     = {Performance measures and a data set for multi-target, multi-camera tracking},
  author    = {Ristani, Ergys and Solera, Francesco and Zou, Roger and Cucchiara, Rita and Tomasi, Carlo},
  booktitle = {Proceedings of the European conference on computer vision},
  pages     = {17--35},
  month     = {Oct.},
  year      = {2016}
}

@article{russakovsky2015imagenet,
  title   = {Imagenet large scale visual recognition challenge},
  author  = {Russakovsky, Olga and Deng, Jia and Su, Hao and Krause, Jonathan and Satheesh, Sanjeev and Ma, Sean and Huang, Zhiheng and Karpathy, Andrej and Khosla, Aditya and Bernstein, Michael and others},
  journal = {Int. J. Comput. Vision},
  volume  = {115},
  pages   = {211--252},
  year    = {2015},
  doi     = {https://doi.org/doi.org/10.1007/s11263-015-0816-y}
}

@inproceedings{song2018mask,
  title     = {Mask-guided contrastive attention model for person re-identification},
  author    = {Song, Chunfeng and Huang, Yan and Ouyang, Wanli and Wang, Liang},
  booktitle = {Proceedings of the IEEE conference on computer vision and pattern recognition},
  pages     = {1179--1188},
  month     = {Jun.},
  year      = {2018}
}

@inproceedings{sun2018beyond,
  title     = {Beyond part models: Person retrieval with refined part pooling (and a strong convolutional baseline)},
  author    = {Sun, Yifan and Zheng, Liang and Yang, Yi and Tian, Qi and Wang, Shengjin},
  booktitle = {Proceedings of the European conference on computer vision},
  pages     = {480--496},
  month     = {Sep.},
  year      = {2018}
}

@article{szegedy2013intriguing,
  title   = {Intriguing properties of neural networks},
  author  = {Szegedy, C},
  journal = {arXiv preprint arXiv:1312.6199},
  year    = {2013}
}

@inproceedings{szegedy2016rethinking,
  title     = {Rethinking the inception architecture for computer vision},
  author    = {Szegedy, Christian and Vanhoucke, Vincent and Ioffe, Sergey and Shlens, Jon and Wojna, Zbigniew},
  booktitle = {Proceedings of the IEEE conference on computer vision and pattern recognition},
  month     = {Jun.},
  pages     = {2818--2826},
  year      = {2016}
}

@article{tang2020person,
  title     = {Person re-identification with feature pyramid optimization and gradual background suppression},
  author    = {Tang, Yingzhi and Yang, Xi and Wang, Nannan and Song, Bin and Gao, Xinbo},
  journal   = {Neural Networks},
  volume    = {124},
  pages     = {223--232},
  year      = {2020},
  publisher = {Elsevier},
  doi       = {https://doi.org/10.1016/j.neunet.2020.01.012}
}

@article{tao2016person,
  title     = {Person re-identification by dual-regularized kiss metric learning},
  author    = {Tao, Dapeng and Guo, Yanan and Song, Mingli and Li, Yaotang and Yu, Zhengtao and Tang, Yuan Yan},
  journal   = {IEEE Trans. Image Process.},
  volume    = {25},
  number    = {6},
  pages     = {2726--2738},
  year      = {2016},
  publisher = {IEEE},
  doi       = {https://doi.org/10.1109/TIP.2016.2553446}
}

@article{tian2023self,
  title     = {Self-regulation feature network for person reidentification},
  author    = {Tian, Hui and Hu, Junlin},
  journal   = {IEEE Trans. Instrum. Meas.},
  volume    = {72},
  pages     = {1--8},
  year      = {2023},
  publisher = {IEEE},
  doi       = {https://doi.org/10.1109/TIM.2023.3240217}
}

@inproceedings{wang2019advpattern,
  title     = {advpattern: Physical-world attacks on deep person re-identification via adversarially transformable patterns},
  author    = {Wang, Zhibo and Zheng, Siyan and Song, Mengkai and Wang, Qian and Rahimpour, Alireza and Qi, Hairong},
  booktitle = {Proceedings of the IEEE/CVF International Conference on Computer Vision},
  pages     = {8341--8350},
  year      = {2019},
  month     = {Oct.}
}

@inproceedings{wang2020transferable,
  title     = {Transferable, controllable, and inconspicuous adversarial attacks on person re-identification with deep mis-ranking},
  author    = {Wang, Hongjun and Wang, Guangrun and Li, Ya and Zhang, Dongyu and Lin, Liang},
  booktitle = {Proceedings of the IEEE/CVF conference on computer vision and pattern recognition},
  pages     = {342--351},
  month     = {Jun.},
  year      = {2020}
}

@inproceedings{wang2021multi,
  title     = {Multi-expert adversarial attack detection in person re-identification using context inconsistency},
  author    = {Wang, Xueping and Li, Shasha and Liu, Min and Wang, Yaonan and Roy-Chowdhury, Amit K},
  booktitle = {Proceedings of the IEEE/CVF International Conference on Computer Vision},
  pages     = {15097--15107},
  month     = {Oct.},
  year      = {2021}
}

@article{wang2022occluded,
  title   = {Occluded person re-identification via defending against attacks from obstacles},
  author  = {Wang, Shujuan and Liu, Run and Li, Huafeng and Qi, Guanqiu and Yu, Zhengtao},
  journal = {IEEE Trans. Inf. Forensics Secur.},
  volume  = {18},
  pages   = {147--161},
  year    = {2022},
  doi     = {https://doi.org/10.1109/TIFS.2022.3218449}
}

@article{wang2023information,
  title     = {Information complementary attention-based multidimension feature learning for person re-identification},
  author    = {Wang, Mingyang and Ma, Hui and Huang, Yiwei},
  journal   = {Eng. Appl. Artif. Intell.},
  volume    = {123},
  pages     = {106348},
  year      = {2023},
  publisher = {Elsevier},
  doi       = {https://doi.org/doi.org/10.1016/j.engappai.2023.106348}
}

@article{wang2023multi,
  title     = {Multi-feature fusion network for person reidentification},
  author    = {Wang, Xihe and Zhang, Yongjun and Xu, Yujie and Cui, Zhongwei},
  journal   = {J. Electron. Imaging},
  volume    = {32},
  number    = {2},
  pages     = {023044--023044},
  year      = {2023},
  publisher = {Society of Photo-Optical Instrumentation Engineers},
  doi       = {https://doi.org/10.1117/1.JEI.32.2.023044}
}

@inproceedings{wen2016discriminative,
  title     = {A discriminative feature learning approach for deep face recognition},
  author    = {Wen, Yandong and Zhang, Kaipeng and Li, Zhifeng and Qiao, Yu},
  booktitle = {Proceedings of the European conference on computer vision},
  month     = {Oct.},
  pages     = {499--515},
  year      = {2016}
}

@article{yan2019robustness,
  title   = {On robustness of neural ordinary differential equations},
  author  = {Yan, Hanshu and Du, Jiawei and Tan, Vincent YF and Feng, Jiashi},
  journal = {arXiv preprint arXiv:1910.05513},
  year    = {2019}
}

@article{yan2023part,
  title     = {Part-based representation enhancement for occluded person re-identification},
  author    = {Yan, Gang and Wang, Zijin and Geng, Shuze and Yu, Yang and Guo, Yingchun},
  journal   = {IEEE Trans. Circuits Syst. Video Technol.},
  volume    = {33},
  number    = {8},
  pages     = {4217--4231},
  year      = {2023},
  publisher = {IEEE},
  doi       = {https://doi.org/10.1109/TCSVT.2023.3241764}
}

@article{zhang2021appearance,
  title     = {Appearance feature enhancement for person re-identification},
  author    = {Zhang, Wenfeng and Huang, Lei and Wei, Zhiqiang and Nie, Jie},
  journal   = {Expert Syst. Appl.},
  volume    = {163},
  pages     = {113771},
  year      = {2021},
  publisher = {Elsevier},
  doi       = {https://doi.org/10.1016/j.eswa.2020.113771}
}

@article{zhang2024joint,
  title     = {Joint global feature and part-based pyramid features for unsupervised person re-identification},
  author    = {Zhang, De and Fan, Haoming and Zhou, Xiaoping and Su, Liangliang},
  journal   = {J. Electron. Imaging},
  volume    = {33},
  number    = {2},
  pages     = {023043--023043},
  year      = {2024},
  publisher = {Society of Photo-Optical Instrumentation Engineers},
  doi       = {https://doi.org/10.1117/1.JEI.33.2.023043}
}

@article{zhao2021incremental,
  title   = {Incremental generative occlusion adversarial suppression network for person ReID},
  author  = {Zhao, Cairong and Lv, Xinbi and Dou, Shuguang and Zhang, Shanshan and Wu, Jun and Wang, Liang},
  journal = {IEEE Trans. Image Process.},
  volume  = {30},
  pages   = {4212--4224},
  year    = {2021},
  doi     = {https://doi.org/10.1109/TIP.2021.3070182}
}

@inproceedings{zheng2015scalable,
  title     = {Scalable person re-identification: A benchmark},
  author    = {Zheng, Liang and Shen, Liyue and Tian, Lu and Wang, Shengjin and Wang, Jingdong and Tian, Qi},
  booktitle = {Proceedings of the IEEE international conference on computer vision},
  month     = {Jun.},
  pages     = {1116--1124},
  year      = {2015}
}

@inproceedings{zhong2017re,
  title     = {Re-ranking person re-identification with k-reciprocal encoding},
  author    = {Zhong, Zhun and Zheng, Liang and Cao, Donglin and Li, Shaozi},
  booktitle = {Proceedings of the IEEE conference on computer vision and pattern recognition},
  month     = {Jun.},
  pages     = {1318--1327},
  year      = {2017}
}



